

@article{waterman2014risc,
  title={The risc-v instruction set manual},
  author={Waterman, Andrew and Lee, Yunsup and Patterson, David and Asanovic, Krste},
  journal={volume I: User-level ISA, version 2.0, EECS Department, University of California, Berkeley, Tech. Rep. UCB/EECS-2014-54},
  year={2014}
}

@ARTICLE{svspec, 
author={}, 
journal={IEEE Std 1800-2017 (Revision of IEEE Std 1800-2012)}, 
title={IEEE Standard for SystemVerilog--Unified Hardware Design, Specification, and Verification Language}, 
year={2018}, 
volume={}, 
number={}, 
pages={1-1315}, 
keywords={IEEE Standards;Programming languages;Hardware design languages;Design automation;Computer interfaces;assertions;design automation;design verification;hardware description language;HDL;HDVL;IEEE 1800(TM);PLI;programming language interface;SystemVerilog;Verilog(R);VPI}, 
doi={10.1109/IEEESTD.2018.8299595}, 
ISSN={}, 
month={Feb},}

@misc{ply,
  author = {David M. Beazley},
  title = {ply},
  year = {2019},
  publisher = {GitHub},
  journal = {GitHub repository},
  howpublished = {\url{https://github.com/dabeaz/ply}},
}

@misc{qt,
    title = {Qt},
    year = {2019},
    publisher = {The Qt company},
    howpublished = {\url{https://www.qt.io/}},
}

@misc{annomage,
    title = {Anno-Mage: A Semi Automatic Image Annotation Tool},
    publisher = {virajmavani},
    howpublished = {\url{https://github.com/virajmavani/semi-auto-image-annotation-tool}}
}

@misc{labelme,
    title = {Labelme: Image Polygonal Annotation with Python},
    publisher = {wkentaro},
    howpublished = {https://github.com/wkentaro/labelme}
}

@Article{matplotlib,
  Author    = {Hunter, J. D.},
  Title     = {Matplotlib: A 2D graphics environment},
  Journal   = {Computing In Science \& Engineering},
  Volume    = {9},
  Number    = {3},
  Pages     = {90--95},
  abstract  = {Matplotlib is a 2D graphics package used for Python
  for application development, interactive scripting, and
  publication-quality image generation across user
  interfaces and operating systems.},
  publisher = {IEEE COMPUTER SOC},
  doi       = {10.1109/MCSE.2007.55},
  year      = 2007
}

@inproceedings{Kocher2018spectre,
 author = {Paul Kocher and Jann Horn and Anders Fogh and and Daniel Genkin and Daniel Gruss and Werner Haas and Mike Hamburg and Moritz Lipp and Stefan Mangard and Thomas Prescher and Michael Schwarz and Yuval Yarom},
 title = {Spectre Attacks: Exploiting Speculative Execution},
 booktitle = {40th IEEE Symposium on Security and Privacy (S\&P'19)},
 year = {2019},
}

@article{Russell2008LabelMe,
  title={LabelMe: A Database and Web-Based Tool for Image Annotation},
  author={Russell, Bryan C. and Torralba, Antonio and Murphy, Kevin P. and Freeman, William T.},
  journal={International Journal of Computer Vision},
  volume={77},
  number={1-3},
  pages={157-173},
  year={2008},
}

@article{Redmon2018YOLOv3,
  title={YOLOv3: An Incremental Improvement},
  author={Redmon, Joseph and Farhadi, Ali},
  year={2018},
}

@article{Chen2018DeepLab,
  title={DeepLab: Semantic Image Segmentation with Deep Convolutional Nets, Atrous Convolution, and Fully Connected CRFs},
  author={Chen, L. C. and Papandreou, G and Kokkinos, I and Murphy, K and Yuille, A. L.},
  journal={IEEE Transactions on Pattern Analysis \& Machine Intelligence},
  volume={40},
  number={4},
  pages={834-848},
  year={2018},
}

@article{Cao2016Realtime,
  title={Realtime Multi-Person 2D Pose Estimation using Part Affinity Fields},
  author={Cao, Zhe and Simon, Tomas and Wei, Shih En and Sheikh, Yaser},
  year={2016},
}

@article{griffin2007caltech,
  title={Caltech-256 object category dataset},
  author={Griffin, Gregory and Holub, Alex and Perona, Pietro},
  year={2007},
  publisher={California Institute of Technology}
}

@inproceedings{zhu2013pedestrian,
  title={Pedestrian attribute classification in surveillance: Database and evaluation},
  author={Zhu, Jianqing and Liao, Shengcai and Lei, Zhen and Yi, Dong and Li, Stan},
  booktitle={Proceedings of the IEEE international conference on computer vision workshops},
  pages={331--338},
  year={2013}
}

@inproceedings{newell2016stacked,
  title={Stacked hourglass networks for human pose estimation},
  author={Newell, Alejandro and Yang, Kaiyu and Deng, Jia},
  booktitle={European Conference on Computer Vision},
  pages={483--499},
  year={2016},
  organization={Springer}
}

@article{pose_estimation,
  author    = {Zhe Cao and
               Gines Hidalgo and
               Tomas Simon and
               Shih{-}En Wei and
               Yaser Sheikh},
  title     = {OpenPose: Realtime Multi-Person 2D Pose Estimation using Part Affinity
               Fields},
  journal   = {CoRR},
  volume    = {abs/1812.08008},
  year      = {2018},
  url       = {http://arxiv.org/abs/1812.08008},
  archivePrefix = {arXiv},
  eprint    = {1812.08008},
  timestamp = {Wed, 02 Jan 2019 14:40:18 +0100},
  biburl    = {https://dblp.org/rec/bib/journals/corr/abs-1812-08008},
  bibsource = {dblp computer science bibliography, https://dblp.org}
}

@article{yolov3,
  author    = {Joseph Redmon and
               Ali Farhadi},
  title     = {YOLOv3: An Incremental Improvement},
  journal   = {CoRR},
  volume    = {abs/1804.02767},
  year      = {2018},
  url       = {http://arxiv.org/abs/1804.02767},
  archivePrefix = {arXiv},
  eprint    = {1804.02767},
  timestamp = {Mon, 13 Aug 2018 16:48:24 +0200},
  biburl    = {https://dblp.org/rec/bib/journals/corr/abs-1804-02767},
  bibsource = {dblp computer science bibliography, https://dblp.org}
}

@article{Wei_2016,
  author    = {Shih{-}En Wei and
               Varun Ramakrishna and
               Takeo Kanade and
               Yaser Sheikh},
  title     = {Convolutional Pose Machines},
  journal   = {CoRR},
  volume    = {abs/1602.00134},
  year      = {2016},
  url       = {http://arxiv.org/abs/1602.00134},
  archivePrefix = {arXiv},
  eprint    = {1602.00134},
  timestamp = {Mon, 13 Aug 2018 16:48:14 +0200},
  biburl    = {https://dblp.org/rec/bib/journals/corr/WeiRKS16},
  bibsource = {dblp computer science bibliography, https://dblp.org}
}

@article{Liu_2016,
  author    = {Wei Liu and
               Dragomir Anguelov and
               Dumitru Erhan and
               Christian Szegedy and
               Scott E. Reed and
               Cheng{-}Yang Fu and
               Alexander C. Berg},
  title     = {{SSD:} Single Shot MultiBox Detector},
  journal   = {CoRR},
  volume    = {abs/1512.02325},
  year      = {2015},
  url       = {http://arxiv.org/abs/1512.02325},
  archivePrefix = {arXiv},
  eprint    = {1512.02325},
  timestamp = {Mon, 13 Aug 2018 16:48:29 +0200},
  biburl    = {https://dblp.org/rec/bib/journals/corr/LiuAESR15},
  bibsource = {dblp computer science bibliography, https://dblp.org}
}
